@BOOK{cit:ljhj,
  AUTHOR = "Leander Jedamus and Helene Jedamus",
  TITLE = {Einf"uhrung in \TeX},
  EDITION = "zweite",
  PUBLISHER = {Addison-Wesley (Deutschland) GmbH},
  ADDRESS = {Bonn},
  YEAR = 2015
}
